<?xml version="1.0" encoding="UTF-8"?>
  <record xmlns="http://www.loc.gov/MARC21/slim" type="Authority">
    <leader>00000nz  a2200000nc 4500</leader>
    <controlfield tag="001">118692968</controlfield>
    <controlfield tag="003">DE-101</controlfield>
    <controlfield tag="005">20200105130937.0</controlfield>
    <controlfield tag="008">880701n||azznnaabn           | aaa    |c</controlfield>
    <datafield tag="024" ind1="7" ind2=" ">
      <subfield code="a">118692968</subfield>
      <subfield code="0">http://d-nb.info/gnd/118692968</subfield>
      <subfield code="2">gnd</subfield>
    </datafield>
    <datafield tag="035" ind1=" " ind2=" ">
      <subfield code="a">(DE-101)118692968</subfield>
    </datafield>
    <datafield tag="035" ind1=" " ind2=" ">
      <subfield code="a">(DE-588)118692968</subfield>
    </datafield>
    <datafield tag="035" ind1=" " ind2=" ">
      <subfield code="z">(DE-588a)118692968</subfield>
      <subfield code="9">v:zg</subfield>
    </datafield>
    <datafield tag="035" ind1=" " ind2=" ">
      <subfield code="z">(DE-588c)4093197-3</subfield>
      <subfield code="9">v:zg</subfield>
    </datafield>
    <datafield tag="040" ind1=" " ind2=" ">
      <subfield code="a">DE-101</subfield>
      <subfield code="c">DE-101</subfield>
      <subfield code="9">r:DE-101</subfield>
      <subfield code="b">ger</subfield>
      <subfield code="d">8999</subfield>
      <subfield code="e">rda</subfield>
    </datafield>
    <datafield tag="042" ind1=" " ind2=" ">
      <subfield code="a">gnd1</subfield>
    </datafield>
    <datafield tag="043" ind1=" " ind2=" ">
      <subfield code="c">XA-DE</subfield>
    </datafield>
    <datafield tag="065" ind1=" " ind2=" ">
      <subfield code="a">3.6p</subfield>
      <subfield code="2">sswd</subfield>
    </datafield>
    <datafield tag="065" ind1=" " ind2=" ">
      <subfield code="a">16.5p</subfield>
      <subfield code="2">sswd</subfield>
    </datafield>
    <datafield tag="075" ind1=" " ind2=" ">
      <subfield code="b">p</subfield>
      <subfield code="2">gndgen</subfield>
    </datafield>
    <datafield tag="075" ind1=" " ind2=" ">
      <subfield code="b">piz</subfield>
      <subfield code="2">gndspec</subfield>
    </datafield>
    <datafield tag="079" ind1=" " ind2=" ">
      <subfield code="a">g</subfield>
      <subfield code="q">s</subfield>
      <subfield code="q">z</subfield>
      <subfield code="q">a</subfield>
      <subfield code="q">f</subfield>
      <subfield code="u">k</subfield>
    </datafield>
    <datafield tag="100" ind1="0" ind2=" ">
      <subfield code="a">Franz</subfield>
      <subfield code="c">Bamberg, Bischof</subfield>
      <subfield code="d">1596-1642</subfield>
    </datafield>
    <datafield tag="375" ind1=" " ind2=" ">
      <subfield code="a">1</subfield>
      <subfield code="2">iso5218</subfield>
    </datafield>
    <datafield tag="400" ind1="0" ind2=" ">
      <subfield code="a">Franz</subfield>
      <subfield code="c">Würzburg, Bischof</subfield>
      <subfield code="d">1596-1642</subfield>
    </datafield>
    <datafield tag="400" ind1="0" ind2=" ">
      <subfield code="a">Franz</subfield>
      <subfield code="c">von Hatzfeldt, Crottorf und Gleichen</subfield>
      <subfield code="d">1596-1642</subfield>
    </datafield>
    <datafield tag="400" ind1="1" ind2=" ">
      <subfield code="a">Hatzfeldt, Crottorf und Gleichen, Franz &#152;von&#156;</subfield>
      <subfield code="d">1596-1642</subfield>
    </datafield>
    <datafield tag="400" ind1="1" ind2=" ">
      <subfield code="a">Crottorf und Gleichen, Franz von Hatzfeldt</subfield>
      <subfield code="d">1596-1642</subfield>
    </datafield>
    <datafield tag="400" ind1="1" ind2=" ">
      <subfield code="a">Gleichen, Franz von Hatzfeldt, Crottorf &#152;und&#156;</subfield>
      <subfield code="d">1596-1642</subfield>
    </datafield>
    <datafield tag="400" ind1="0" ind2=" ">
      <subfield code="a">Franz</subfield>
      <subfield code="c">von Hatzfeld</subfield>
      <subfield code="d">1596-1642</subfield>
    </datafield>
    <datafield tag="400" ind1="1" ind2=" ">
      <subfield code="a">Hatzfeld, Franz &#152;von&#156;</subfield>
      <subfield code="d">1596-1642</subfield>
    </datafield>
    <datafield tag="400" ind1="0" ind2=" ">
      <subfield code="a">Franciscus</subfield>
      <subfield code="c">Herbipolis, Episcopus</subfield>
      <subfield code="d">1596-1642</subfield>
    </datafield>
    <datafield tag="400" ind1="0" ind2=" ">
      <subfield code="a">Franciscus</subfield>
      <subfield code="c">Episcopus Herbipolensis</subfield>
      <subfield code="d">1596-1642</subfield>
    </datafield>
    <datafield tag="400" ind1="0" ind2=" ">
      <subfield code="a">Franciscus</subfield>
      <subfield code="c">Bamberga, Episcopus</subfield>
      <subfield code="d">1596-1642</subfield>
    </datafield>
    <datafield tag="400" ind1="0" ind2=" ">
      <subfield code="a">Franciscus</subfield>
      <subfield code="c">Episcopus Bambergensis</subfield>
      <subfield code="d">1596-1642</subfield>
    </datafield>
    <datafield tag="400" ind1="0" ind2=" ">
      <subfield code="a">Franciscus</subfield>
      <subfield code="c">ab Hatzfeldt, Crottorf et Gleichen</subfield>
      <subfield code="d">1596-1642</subfield>
    </datafield>
    <datafield tag="400" ind1="1" ind2=" ">
      <subfield code="a">Hatzfeldt, Crottorf et Gleichen, Franciscus &#152;ab&#156;</subfield>
      <subfield code="d">1596-1642</subfield>
    </datafield>
    <datafield tag="400" ind1="1" ind2=" ">
      <subfield code="a">Crottorf et Gleichen, Franciscus ab Hatzfeldt</subfield>
      <subfield code="d">1596-1642</subfield>
    </datafield>
    <datafield tag="400" ind1="1" ind2=" ">
      <subfield code="a">Gleichen, Franciscus ab Hatzfeldt, Crottorf &#152;et&#156;</subfield>
      <subfield code="d">1596-1642</subfield>
    </datafield>
    <datafield tag="400" ind1="0" ind2=" ">
      <subfield code="a">Franciscus</subfield>
      <subfield code="c">ab Hatzfeld</subfield>
      <subfield code="d">1596-1642</subfield>
    </datafield>
    <datafield tag="400" ind1="1" ind2=" ">
      <subfield code="a">Hatzfeld, Franciscus &#152;ab&#156;</subfield>
      <subfield code="d">1596-1642</subfield>
    </datafield>
    <datafield tag="500" ind1="1" ind2=" ">
      <subfield code="0">(DE-101)137435169</subfield>
      <subfield code="0">(DE-588)137435169</subfield>
      <subfield code="0">https://d-nb.info/gnd/137435169</subfield>
      <subfield code="a">Hatzfeldt, Sebastian &#152;von&#156;</subfield>
      <subfield code="d">1566-1631</subfield>
      <subfield code="4">bezf</subfield>
      <subfield code="4">https://d-nb.info/standards/elementset/gnd#familialRelationship</subfield>
      <subfield code="w">r</subfield>
      <subfield code="i">Beziehung familiaer</subfield>
      <subfield code="e">Beziehung familiaer</subfield>
      <subfield code="9">v:Vater</subfield>
    </datafield>
    <datafield tag="500" ind1="3" ind2=" ">
      <subfield code="0">(DE-101)118709054</subfield>
      <subfield code="0">(DE-588)118709054</subfield>
      <subfield code="0">https://d-nb.info/gnd/118709054</subfield>
      <subfield code="a">Hatzfeldt</subfield>
      <subfield code="c">Familie</subfield>
      <subfield code="4">mitg</subfield>
      <subfield code="4">https://d-nb.info/standards/elementset/gnd#memberOfTheFamily</subfield>
      <subfield code="w">r</subfield>
      <subfield code="i">Mitglied</subfield>
      <subfield code="e">Mitglied</subfield>
    </datafield>
    <datafield tag="510" ind1="2" ind2=" ">
      <subfield code="0">(DE-101)1123849374</subfield>
      <subfield code="0">(DE-588)1123849374</subfield>
      <subfield code="0">https://d-nb.info/gnd/1123849374</subfield>
      <subfield code="a">Katholische Kirche</subfield>
      <subfield code="b">Diözese Würzburg</subfield>
      <subfield code="4">affi</subfield>
      <subfield code="4">https://d-nb.info/standards/elementset/gnd#affiliation</subfield>
      <subfield code="w">r</subfield>
      <subfield code="i">Affiliation</subfield>
      <subfield code="e">Affiliation</subfield>
      <subfield code="9">v:Bischof</subfield>
      <subfield code="9">Z:1632-1642</subfield>
    </datafield>
    <datafield tag="510" ind1="2" ind2=" ">
      <subfield code="0">(DE-101)1080665633</subfield>
      <subfield code="0">(DE-588)1080665633</subfield>
      <subfield code="0">https://d-nb.info/gnd/1080665633</subfield>
      <subfield code="a">Katholische Kirche</subfield>
      <subfield code="b">Diözese Bamberg</subfield>
      <subfield code="4">affi</subfield>
      <subfield code="4">https://d-nb.info/standards/elementset/gnd#affiliation</subfield>
      <subfield code="w">r</subfield>
      <subfield code="i">Affiliation</subfield>
      <subfield code="e">Affiliation</subfield>
      <subfield code="9">v:Bischof</subfield>
      <subfield code="9">Z:1633-1642</subfield>
    </datafield>
    <datafield tag="548" ind1=" " ind2=" ">
      <subfield code="a">1596-1642</subfield>
      <subfield code="4">datl</subfield>
      <subfield code="4">https://d-nb.info/standards/elementset/gnd#dateOfBirthAndDeath</subfield>
      <subfield code="w">r</subfield>
      <subfield code="i">Lebensdaten</subfield>
    </datafield>
    <datafield tag="548" ind1=" " ind2=" ">
      <subfield code="a">13.09.1596-30.07.1642</subfield>
      <subfield code="4">datx</subfield>
      <subfield code="4">https://d-nb.info/standards/elementset/gnd#dateOfBirthAndDeath</subfield>
      <subfield code="w">r</subfield>
      <subfield code="i">Exakte Lebensdaten</subfield>
    </datafield>
    <datafield tag="550" ind1=" " ind2=" ">
      <subfield code="0">(DE-101)040069494</subfield>
      <subfield code="0">(DE-588)4006949-7</subfield>
      <subfield code="0">https://d-nb.info/gnd/4006949-7</subfield>
      <subfield code="a">Bischof</subfield>
      <subfield code="4">berc</subfield>
      <subfield code="4">https://d-nb.info/standards/elementset/gnd#professionOrOccupation</subfield>
      <subfield code="w">r</subfield>
      <subfield code="i">Charakteristischer Beruf</subfield>
    </datafield>
    <datafield tag="550" ind1=" " ind2=" ">
      <subfield code="0">(DE-101)043048765</subfield>
      <subfield code="0">(DE-588)4304876-6</subfield>
      <subfield code="0">https://d-nb.info/gnd/4304876-6</subfield>
      <subfield code="a">Fürstbischof</subfield>
      <subfield code="4">beru</subfield>
      <subfield code="4">https://d-nb.info/standards/elementset/gnd#professionOrOccupation</subfield>
      <subfield code="w">r</subfield>
      <subfield code="i">Beruf</subfield>
    </datafield>
    <datafield tag="550" ind1=" " ind2=" ">
      <subfield code="0">(DE-101)041563719</subfield>
      <subfield code="0">(DE-588)4156371-2</subfield>
      <subfield code="0">https://d-nb.info/gnd/4156371-2</subfield>
      <subfield code="a">Geistlicher Fürst</subfield>
      <subfield code="4">beru</subfield>
      <subfield code="4">https://d-nb.info/standards/elementset/gnd#professionOrOccupation</subfield>
      <subfield code="w">r</subfield>
      <subfield code="i">Beruf</subfield>
    </datafield>
    <datafield tag="550" ind1=" " ind2=" ">
      <subfield code="0">(DE-101)040217787</subfield>
      <subfield code="0">(DE-588)4021778-4</subfield>
      <subfield code="0">https://d-nb.info/gnd/4021778-4</subfield>
      <subfield code="a">Graf</subfield>
      <subfield code="4">adel</subfield>
      <subfield code="4">https://d-nb.info/standards/elementset/gnd#titleOfNobility</subfield>
      <subfield code="w">r</subfield>
      <subfield code="i">Adelstitel</subfield>
    </datafield>
    <datafield tag="550" ind1=" " ind2=" ">
      <subfield code="0">(DE-101)040004643</subfield>
      <subfield code="0">(DE-588)4000464-8</subfield>
      <subfield code="0">https://d-nb.info/gnd/4000464-8</subfield>
      <subfield code="a">Adel</subfield>
      <subfield code="4">obin</subfield>
      <subfield code="4">https://d-nb.info/standards/elementset/gnd#broaderTermInstantial</subfield>
      <subfield code="w">r</subfield>
      <subfield code="i">Oberbegriff instantiell</subfield>
    </datafield>
    <datafield tag="551" ind1=" " ind2=" ">
      <subfield code="0">(DE-101)1134906188</subfield>
      <subfield code="0">(DE-588)1134906188</subfield>
      <subfield code="0">https://d-nb.info/gnd/1134906188</subfield>
      <subfield code="a">Crottorf</subfield>
      <subfield code="4">ortg</subfield>
      <subfield code="4">https://d-nb.info/standards/elementset/gnd#placeOfBirth</subfield>
      <subfield code="w">r</subfield>
      <subfield code="i">Geburtsort</subfield>
    </datafield>
    <datafield tag="551" ind1=" " ind2=" ">
      <subfield code="0">(DE-101)040670376</subfield>
      <subfield code="0">(DE-588)4067037-5</subfield>
      <subfield code="0">https://d-nb.info/gnd/4067037-5</subfield>
      <subfield code="a">Würzburg</subfield>
      <subfield code="4">ortw</subfield>
      <subfield code="4">https://d-nb.info/standards/elementset/gnd#placeOfActivity</subfield>
      <subfield code="w">r</subfield>
      <subfield code="i">Wirkungsort</subfield>
    </datafield>
    <datafield tag="551" ind1=" " ind2=" ">
      <subfield code="0">(DE-101)040043916</subfield>
      <subfield code="0">(DE-588)4004391-5</subfield>
      <subfield code="0">https://d-nb.info/gnd/4004391-5</subfield>
      <subfield code="a">Bamberg</subfield>
      <subfield code="4">ortw</subfield>
      <subfield code="4">https://d-nb.info/standards/elementset/gnd#placeOfActivity</subfield>
      <subfield code="w">r</subfield>
      <subfield code="i">Wirkungsort</subfield>
    </datafield>
    <datafield tag="551" ind1=" " ind2=" ">
      <subfield code="0">(DE-101)041285395</subfield>
      <subfield code="0">(DE-588)4128539-6</subfield>
      <subfield code="0">https://d-nb.info/gnd/4128539-6</subfield>
      <subfield code="a">Hochstift Würzburg</subfield>
      <subfield code="4">ortw</subfield>
      <subfield code="4">https://d-nb.info/standards/elementset/gnd#placeOfActivity</subfield>
      <subfield code="w">r</subfield>
      <subfield code="i">Wirkungsort</subfield>
      <subfield code="9">v:Fürstbischof</subfield>
      <subfield code="9">Z:1632-1642</subfield>
    </datafield>
    <datafield tag="551" ind1=" " ind2=" ">
      <subfield code="0">(DE-101)040802493</subfield>
      <subfield code="0">(DE-588)4080249-8</subfield>
      <subfield code="0">https://d-nb.info/gnd/4080249-8</subfield>
      <subfield code="a">Hochstift Bamberg</subfield>
      <subfield code="4">ortw</subfield>
      <subfield code="4">https://d-nb.info/standards/elementset/gnd#placeOfActivity</subfield>
      <subfield code="w">r</subfield>
      <subfield code="i">Wirkungsort</subfield>
      <subfield code="9">v:Fürstbischof</subfield>
      <subfield code="9">Z:1633-1642</subfield>
    </datafield>
    <datafield tag="551" ind1=" " ind2=" ">
      <subfield code="0">(DE-101)040670376</subfield>
      <subfield code="0">(DE-588)4067037-5</subfield>
      <subfield code="0">https://d-nb.info/gnd/4067037-5</subfield>
      <subfield code="a">Würzburg</subfield>
      <subfield code="4">orts</subfield>
      <subfield code="4">https://d-nb.info/standards/elementset/gnd#placeOfDeath</subfield>
      <subfield code="w">r</subfield>
      <subfield code="i">Sterbeort</subfield>
    </datafield>
    <datafield tag="667" ind1=" " ind2=" ">
      <subfield code="a">VD-17</subfield>
    </datafield>
    <datafield tag="670" ind1=" " ind2=" ">
      <subfield code="a">Gatz, Bischöfe</subfield>
    </datafield>
    <datafield tag="670" ind1=" " ind2=" ">
      <subfield code="a">Schematismus des Erzbistums Bamberg</subfield>
      <subfield code="b">2013, Seite 974, Nummer 50</subfield>
    </datafield>
    <datafield tag="670" ind1=" " ind2=" ">
      <subfield code="a">Wikipedia</subfield>
      <subfield code="b">Stand: 20.12.2019</subfield>
      <subfield code="u">https://de.wikipedia.org/wiki/Franz_von_Hatzfeld</subfield>
    </datafield>
    <datafield tag="672" ind1=" " ind2="0">
      <subfield code="a">Castrum Doloris Reverendißimo ... D. D. Francisco Hatzfeldio, Bambergensi, atque Herbipolensi, Episcopo ... - 1642</subfield>
    </datafield>
    <datafield tag="678" ind1=" " ind2=" ">
      <subfield code="b">1632-1642 Bischof von Würzburg; 1633-1642 Bischof von Bamberg; begraben im Dom Würzburg</subfield>
    </datafield>
    <datafield tag="913" ind1=" " ind2=" ">
      <subfield code="S">pnd</subfield>
      <subfield code="i">5</subfield>
      <subfield code="a">Franz &lt;Würzburg, Bischof&gt;</subfield>
      <subfield code="0">(DE-588a)118692968</subfield>
    </datafield>
  </record>
